<record><leader>00000cas a22000007i 4500</leader><controlfield tag="001">953453124</controlfield><controlfield tag="006">m     o  d        </controlfield><controlfield tag="007">cr |n|||||||||</controlfield><controlfield tag="008">160712c20169999miumr noo     0   a0eng  </controlfield><datafield ind1=" " ind2=" " tag="010"><subfield code="a">  2016203534</subfield></datafield><datafield ind1=" " ind2=" " tag="040"><subfield code="a">CAI</subfield><subfield code="b">eng</subfield><subfield code="e">rda</subfield><subfield code="c">LTSCA</subfield><subfield code="d">OCLCO</subfield><subfield code="d">OCLCF</subfield><subfield code="d">DLC</subfield></datafield><datafield ind1=" " ind2=" " tag="012"><subfield code="l">1</subfield></datafield><datafield ind1="0" ind2=" " tag="022"><subfield code="a">2475-501X</subfield><subfield code="2">1</subfield></datafield><datafield ind1=" " ind2=" " tag="041"><subfield code="a">eng</subfield></datafield><datafield ind1=" " ind2=" " tag="042"><subfield code="a">pcc</subfield><subfield code="a">nsdp</subfield></datafield><datafield ind1="1" ind2="0" tag="050"><subfield code="a">ISSN RECORD</subfield></datafield><datafield ind1=" " ind2="4" tag="050"><subfield code="a">HD9710.C2</subfield><subfield code="b">A88 2016</subfield></datafield><datafield ind1="1" ind2="0" tag="082"><subfield code="a">338.476292</subfield><subfield code="2">23</subfield></datafield><datafield ind1=" " ind2="0" tag="222"><subfield code="a">Automotive news. Canada</subfield><subfield code="b">(Online)</subfield></datafield><datafield ind1="0" ind2="0" tag="245"><subfield code="a">Automotive news.</subfield><subfield code="p">Canada.</subfield></datafield><datafield ind1=" " ind2="1" tag="264"><subfield code="a">Detroit :</subfield><subfield code="b">Crain Communications, Inc.,</subfield><subfield code="c">2016-</subfield></datafield><datafield ind1=" " ind2=" " tag="310"><subfield code="a">Monthly</subfield></datafield><datafield ind1=" " ind2=" " tag="336"><subfield code="a">text</subfield><subfield code="b">txt</subfield><subfield code="2">rdacontent</subfield></datafield><datafield ind1=" " ind2=" " tag="337"><subfield code="a">computer</subfield><subfield code="b">c</subfield><subfield code="2">rdamedia</subfield></datafield><datafield ind1=" " ind2=" " tag="338"><subfield code="a">online resource</subfield><subfield code="b">cr</subfield><subfield code="2">rdacarrier</subfield></datafield><datafield ind1="1" ind2=" " tag="362"><subfield code="a">Began with; July 2016</subfield></datafield><datafield ind1=" " ind2=" " tag="588"><subfield code="a">Description based on: July  2016; title from PDF caption (Crain Communications website, viewed on December 30, 2016).</subfield></datafield><datafield ind1=" " ind2=" " tag="588"><subfield code="a">Latest issue consulted: Vol. 1, no. 5 (Novemeber 2016) (viewed December 30, 2016).</subfield></datafield><datafield ind1=" " ind2="0" tag="650"><subfield code="a">Automobile industry and trade</subfield><subfield code="z">Canada</subfield><subfield code="v">Statistics</subfield><subfield code="v">Periodicals.</subfield></datafield><datafield ind1=" " ind2="0" tag="650"><subfield code="a">Automobile dealers</subfield><subfield code="z">Canada</subfield><subfield code="v">Periodicals.</subfield></datafield><datafield ind1=" " ind2="0" tag="650"><subfield code="a">Automobiles</subfield><subfield code="x">Marketing</subfield><subfield code="v">Statistics</subfield><subfield code="v">Periodicals.</subfield></datafield><datafield ind1=" " ind2="7" tag="650"><subfield code="a">Automobile dealers.</subfield><subfield code="2">fast</subfield><subfield code="0">(OCoLC)fst00822818</subfield></datafield><datafield ind1=" " ind2="7" tag="650"><subfield code="a">Automobile industry and trade.</subfield><subfield code="2">fast</subfield><subfield code="0">(OCoLC)fst00822961</subfield></datafield><datafield ind1=" " ind2="7" tag="650"><subfield code="a">Automobiles</subfield><subfield code="x">Marketing.</subfield><subfield code="2">fast</subfield><subfield code="0">(OCoLC)fst00823585</subfield></datafield><datafield ind1=" " ind2="7" tag="651"><subfield code="a">Canada.</subfield><subfield code="2">fast</subfield><subfield code="0">(OCoLC)fst01204310</subfield></datafield><datafield ind1=" " ind2="0" tag="655"><subfield code="a">Electronic journals.</subfield></datafield><datafield ind1=" " ind2="7" tag="655"><subfield code="a">Periodicals.</subfield><subfield code="2">fast</subfield><subfield code="0">(OCoLC)fst01411641</subfield></datafield><datafield ind1=" " ind2="7" tag="655"><subfield code="a">Statistics.</subfield><subfield code="2">fast</subfield><subfield code="0">(OCoLC)fst01423727</subfield></datafield><datafield ind1="0" ind2=" " tag="730"><subfield code="a">Automotive news.</subfield></datafield><datafield ind1="0" ind2="8" tag="776"><subfield code="i">Print version:</subfield><subfield code="t">Automotive news. Canada</subfield><subfield code="x">2475-5001</subfield><subfield code="w">(DLC)  2016203535</subfield><subfield code="w">(OCoLC)959877901</subfield></datafield><datafield ind1="4" ind2="0" tag="856"><subfield code="z">Access the electronic text (restricted to NRC)</subfield><subfield code="u">https://home.autonews.com/clickshare/forceLogin.do?CSAuthReq=1&amp;CSProduct=autonews-canada&amp;CSTargetURL=http://canada.autonews.com</subfield><subfield code="x">CISTI</subfield></datafield><datafield ind1="4" ind2="0" tag="856"><subfield code="u">http://canada.autonews.com/section/canada30</subfield></datafield></record>